<record><leader>00000cas a2200000 a 4500</leader><controlfield tag="001">37859543</controlfield><controlfield tag="007">hd afu---bbcp</controlfield><controlfield tag="007">hd bfu---bbap</controlfield><controlfield tag="008">971029d18uu19uunbuwr nea     0    0ger d</controlfield><datafield ind1=" " ind2=" " tag="010"><subfield code="a">sn 97062823 </subfield></datafield><datafield ind1=" " ind2=" " tag="040"><subfield code="a">NVG</subfield><subfield code="b">eng</subfield><subfield code="c">NVG</subfield><subfield code="d">OCL</subfield><subfield code="d">OCLCQ</subfield><subfield code="d">OCLCF</subfield><subfield code="d">OCLCO</subfield><subfield code="d">OCLCQ</subfield></datafield><datafield ind1=" " ind2=" " tag="042"><subfield code="a">msc</subfield></datafield><datafield ind1=" " ind2=" " tag="043"><subfield code="a">n-us-nb</subfield></datafield><datafield ind1="0" ind2=" " tag="130"><subfield code="a">Lichtstrahlen (West Point, Neb.)</subfield></datafield><datafield ind1="1" ind2="0" tag="245"><subfield code="a">Lichtstrahlen.</subfield></datafield><datafield ind1=" " ind2=" " tag="260"><subfield code="a">West Point, Neb. :</subfield><subfield code="b">Max. Gentzke</subfield></datafield><datafield ind1=" " ind2=" " tag="300"><subfield code="a">volumes</subfield></datafield><datafield ind1=" " ind2=" " tag="310"><subfield code="a">Weekly</subfield></datafield><datafield ind1=" " ind2=" " tag="336"><subfield code="a">text</subfield><subfield code="b">txt</subfield><subfield code="2">rdacontent</subfield></datafield><datafield ind1=" " ind2=" " tag="337"><subfield code="a">microform</subfield><subfield code="b">h</subfield><subfield code="2">rdamedia</subfield></datafield><datafield ind1=" " ind2=" " tag="338"><subfield code="a">microfilm reel</subfield><subfield code="b">hd</subfield><subfield code="2">rdacarrier</subfield></datafield><datafield ind1=" " ind2=" " tag="500"><subfield code="a">"Zeitschrift fu&#776;r Philosophie, Wissenschaft, Occultismus und Spiritualismus."</subfield></datafield><datafield ind1=" " ind2=" " tag="546"><subfield code="a">In German; some advertising in English.</subfield></datafield><datafield ind1=" " ind2=" " tag="588"><subfield code="a">Description based on: 3. Jahrg., no. 25 (2 Mai 1900).</subfield></datafield><datafield ind1=" " ind2=" " tag="533"><subfield code="a">Microfilm.</subfield><subfield code="m">May 2, 1900; Feb. 18, 1903.</subfield><subfield code="b">Lincoln, Neb. :</subfield><subfield code="c">Nebraska State Historical Society,</subfield><subfield code="d">[1996].</subfield><subfield code="e">1 microfilm reel ; 35 mm.</subfield></datafield><datafield ind1=" " ind2="0" tag="650"><subfield code="a">Philosophy</subfield><subfield code="v">Newspapers.</subfield></datafield><datafield ind1=" " ind2="0" tag="650"><subfield code="a">Science</subfield><subfield code="v">Newspapers.</subfield></datafield><datafield ind1=" " ind2="0" tag="650"><subfield code="a">Occultism</subfield><subfield code="v">Newspapers.</subfield></datafield><datafield ind1=" " ind2="0" tag="650"><subfield code="a">Spiritualism</subfield><subfield code="v">Newspapers.</subfield></datafield><datafield ind1=" " ind2="0" tag="650"><subfield code="a">Germans</subfield><subfield code="z">Nebraska</subfield><subfield code="v">Newspapers.</subfield></datafield><datafield ind1=" " ind2="0" tag="650"><subfield code="a">German Americans</subfield><subfield code="z">Nebraska</subfield><subfield code="v">Newspapers.</subfield></datafield><datafield ind1=" " ind2="0" tag="650"><subfield code="a">German American newspapers.</subfield></datafield><datafield ind1=" " ind2="7" tag="650"><subfield code="a">German American newspapers.</subfield><subfield code="2">fast</subfield><subfield code="0">(OCoLC)fst00941297</subfield></datafield><datafield ind1=" " ind2="7" tag="650"><subfield code="a">German Americans.</subfield><subfield code="2">fast</subfield><subfield code="0">(OCoLC)fst00941308</subfield></datafield><datafield ind1=" " ind2="7" tag="650"><subfield code="a">Germans.</subfield><subfield code="2">fast</subfield><subfield code="0">(OCoLC)fst00942100</subfield></datafield><datafield ind1=" " ind2="7" tag="650"><subfield code="a">Occultism.</subfield><subfield code="2">fast</subfield><subfield code="0">(OCoLC)fst01043123</subfield></datafield><datafield ind1=" " ind2="7" tag="650"><subfield code="a">Philosophy.</subfield><subfield code="2">fast</subfield><subfield code="0">(OCoLC)fst01060777</subfield></datafield><datafield ind1=" " ind2="7" tag="650"><subfield code="a">Science.</subfield><subfield code="2">fast</subfield><subfield code="0">(OCoLC)fst01108176</subfield></datafield><datafield ind1=" " ind2="7" tag="650"><subfield code="a">Spiritualism.</subfield><subfield code="2">fast</subfield><subfield code="0">(OCoLC)fst01130170</subfield></datafield><datafield ind1=" " ind2="7" tag="651"><subfield code="a">Nebraska.</subfield><subfield code="2">fast</subfield><subfield code="0">(OCoLC)fst01208998</subfield></datafield><datafield ind1=" " ind2="7" tag="655"><subfield code="a">Newspapers.</subfield><subfield code="2">fast</subfield><subfield code="0">(OCoLC)fst01423814</subfield></datafield><datafield ind1=" " ind2=" " tag="752"><subfield code="a">United States</subfield><subfield code="b">Nebraska</subfield><subfield code="c">Cuming</subfield><subfield code="d">West Point.</subfield></datafield></record>